%Please ensure that the acronym list is maintained in alphabetical order.



@article{Attention,
  title   = {Attention is all you need},
  author  = {Ashish Vaswani and Noam Shazeer and Niki Parmar and Jakob Uszkoreit and Llion Jones and Aidan N Gomez and Lukasz Kaiser and Illia Polosukhin},
  journal = {In Advances in Neural Information Processing Systems},
  pages   = {6000–6010},
  year    = {2017}
}
@article{task,
  title  = {Practical Natural Language Processing},
  author = {Sowmya Vajjala and Bodhisattwa Majumder and Anuj Gupta and and Harshit Surana},
  pages  = {50–54},
  year   = {2020}
}
@book{book_colored,
  author    = {Denis Rothman},
  subtitle  = {Build innovative deep neural network architectures for NLP with Python, PyTorch, TensorFlow, BERT, RoBERTa, and more},
  title     = {Transformers for Natural Language Processing},
  publisher = {Packt Publishing},
  year      = {2021}
}



@article{BERT,
  title  = {BERT: Pre-training of Deep Bidirectional Transformers for Language Understanding},
  author = {Jacobdevlin and Mingweichang and Kentonl and Kristout},
  year   = {24 May 2019}
}


@article{MARBERT,
  title  = {ARBERT & MARBERT: Deep Bidirectional Transformers for Arabic},
  author = {Muhammad Abdul-Mageed and AbdelRahim Elmadany and El Moatez Billah Nagoud},
  year   = {2 Jun 2021}
}

@online{github,
  author = {ARBERT & MARBERT: Deep Bidirectional Transformers for Arabic 
            },
  title  = {https://github.com/UBC-NLP/marbert Accessed 13 February 2021.}
}

@inproceedings{abdul2020arbert,
  title     = {{ARBERT \& MARBERT: Deep Bidirectional Transformers for Arabic}},
  author    = {Abdul-Mageed and Muhammad and Elmadany and AbdelRahim and Nagoudi and El Moatez Billah},
  booktitle = {Proceedings of the {ACL}-{IJCNLP} 2021 Main Conference},
  year      = {2021},
  publisher = {Association for Computational Linguistics}
}


@online{jupyter,
  author = {Some information about the Jupyter Project and Community},
  title  = {https://jupyter.org/about Accessed 10 May 2021.}
}

@online{colab,
  author = {Colaboratory Frequently Asked Questions},
  title  = {https://research.google.com/colaboratory/faq.html Accessed 10 May 2021.}
}

@online{TPU,
  author = {Cloud TPU machine learning accelerators now available in beta},
  title  = {https://cloud.google.com/blog/products/gcp/cloud-tpu-machine-learning-accelerators-now-available-in-beta Accessed 16 May 2021.}
}

@online{pandas,
  author = {About  Pandas},
  title  = {https://pandas.pydata.org/about/ Accessed 16 May 2021.}
}
@online{Kaggle,
  author = {Datasets for sentiment analysis of arabizi tweets},
  title  = {https://www.kaggle.com/mariajmraidy/datasets-for-sentiment-analysis-of-arabizi?select=unbalanced-sentiment-arabizi-ds.csv Accessed 27 April 2021.}
}

@misc{depression_among_tunisian_students,
  author = {Lamia Jouini},
  title = {{Depression and anxiety among Tunisian medical students}},
  year = {2017, European Psychiatry}
}
@misc{Share_of_students_in_total_bus_passengers,
  author = {Statista Research Department},
  title = {{Share of students in total bus passengers in Tunisia in 2019}},
  year = {2023}
}

@online{jupyter,
  author = {Some information about the Jupyter Project and Community},
  title  = {https://jupyter.org/about Accessed 10 May 2021.}
}
